<record><leader>00000cas a2200000 a 4500</leader><controlfield tag="001">14338209</controlfield><controlfield tag="008">861003d18891895ksudr ne      0    0eng d</controlfield><datafield ind1=" " ind2=" " tag="010"><subfield code="a">sn 86064513 </subfield></datafield><datafield ind1=" " ind2=" " tag="040"><subfield code="a">KSH</subfield><subfield code="b">eng</subfield><subfield code="c">KSH</subfield><subfield code="d">NPT</subfield><subfield code="d">OCL</subfield><subfield code="d">CUI</subfield><subfield code="d">CUS</subfield><subfield code="d">OCLCQ</subfield><subfield code="d">OCLCF</subfield></datafield><datafield ind1=" " ind2=" " tag="042"><subfield code="a">msc</subfield></datafield><datafield ind1=" " ind2=" " tag="043"><subfield code="a">n-us-ks</subfield></datafield><datafield ind1="1" ind2="4" tag="050"><subfield code="a">AN</subfield></datafield><datafield ind1="0" ind2=" " tag="130"><subfield code="a">Atchison champion (Atchison, Kan. : 1889)</subfield></datafield><datafield ind1="1" ind2="4" tag="245"><subfield code="a">The Atchison champion.</subfield></datafield><datafield ind1=" " ind2=" " tag="260"><subfield code="a">Atchison, Kan. :</subfield><subfield code="b">John A. Martin,</subfield><subfield code="c">1889-1895.</subfield></datafield><datafield ind1=" " ind2=" " tag="300"><subfield code="a">6 v. ;</subfield><subfield code="c">69 cm.</subfield></datafield><datafield ind1=" " ind2=" " tag="310"><subfield code="a">Daily (except Monday)</subfield></datafield><datafield ind1="0" ind2=" " tag="362"><subfield code="a">Vol. 26, no. 209 (Dec. 3, 1889)-v. 41, no. 306 (Dec. 29, 1895).</subfield></datafield><datafield ind1=" " ind2=" " tag="580"><subfield code="a">Issued also in weekly editions.</subfield></datafield><datafield ind1=" " ind2="0" tag="651"><subfield code="a">Atchison (Kan.)</subfield><subfield code="v">Newspapers.</subfield></datafield><datafield ind1=" " ind2="7" tag="655"><subfield code="a">Newspapers.</subfield><subfield code="2">fast</subfield><subfield code="0">(OCoLC)fst01423814</subfield></datafield><datafield ind1=" " ind2="7" tag="651"><subfield code="a">Kansas</subfield><subfield code="z">Atchison.</subfield><subfield code="2">fast</subfield><subfield code="0">(OCoLC)fst01219730</subfield></datafield><datafield ind1=" " ind2=" " tag="752"><subfield code="a">United States</subfield><subfield code="b">Kansas</subfield><subfield code="c">Atchison</subfield><subfield code="d">Atchison.</subfield></datafield><datafield ind1="1" ind2=" " tag="775"><subfield code="t">Atchison weekly champion</subfield><subfield code="w">(DLC)sn 83040082</subfield></datafield><datafield ind1="1" ind2=" " tag="775"><subfield code="t">Atchison champion (Atchison, Kan. : 1892)</subfield><subfield code="w">(DLC)sn 83040084</subfield></datafield><datafield ind1="0" ind2="0" tag="780"><subfield code="t">Atchison daily champion (Atchison, Kan. : 1871)</subfield><subfield code="w">(DLC)sn 82015824</subfield><subfield code="w">(OCoLC)8813806</subfield></datafield><datafield ind1="0" ind2="0" tag="785"><subfield code="t">Atchison daily champion (Atchison, Kan. : 1895)</subfield><subfield code="w">(DLC)sn 86064514</subfield></datafield></record>